@article{alexnet,
  title={ImageNet Classification with Deep Convolutional Neural Networks},
  author={Krizhevsky, Alex and Sutskever, Ilya and Geoffry E. Hinton},
  journal={Advances in Neural Information Processing Systems},
  pages={1106--1114},
  year={2012}
}

@article{alphago,
  title={Mastering the Game of Go without Human Knowledge},
  author={David Silver and Aja Huang and Chris J. Maddison and Arthur Guez and Laurent Sifre and George van den
Driessche and Julian Schrittwieser and Ioannis Antonoglou and Veda Panneershelvam and Marc Lanctot and
Sander Dieleman and Dominik Grewe and John Nham and Nal Kalchbrenner, Ilya Sutskever and Timothy
Lillicrap and Madeleine Leach and Koray Kavukcuoglu and Thore Graepel  and Demis Hassabis},
  journal={Nature},
  volume={529},
  number={7587},
  pages={484--489},
  year={2016}
}

@article{resnet1,
    title={Deep residual learning for image recognition},
    author={Kaiming He and Xiangyu Zhang and Shaoqing Ren and Jian Sun},
    journal={Proceedings of the IEEE conference on computer vision and pattern recognition},
    pages={770--778},
    year={2016}
}

@article{resnet2,
    title={Identity mappings in deep residual networks},
    author={Kaiming He and Xiangyu Zhang and Shaoqing Ren and Jian Sun},
    journal={European Conference on Computer Vision},
    pages={630--645},
    publisher={Springer},
    year={2016}
}

@article{xavier,
    title={Understanding the difficulty of training deep feedforward neural networks},
    author={Xavier Glorot and Yoshua Bengio},
    journal={Proceedings of the Thirteenth International Conference on Artificial Intelligence and Statistics},
    volume={9},
    pages={249--256},
    year={2010}
}

@article{mft:sigmoid,
    title={Resurrecting the sigmoid in deep learning through
dynamical isometry: theory and practice},
    author={Jeffrey Pennington and Samuel S. Schoenholz},
    journal={Advances in Neural Information Processing
Systems 30},
    pages={4788--4798},
    year={2017}
}

@article{mft:spectral,
    title={The Emergence of Spectral Universality in Deep Networks},
    author={Jeffrey Pennington and Samuel S. Schoenholz and Surya Ganguli},
    journal={International Conference on Artificial Intelligence and Statistics, AISTATS 2018, 9-11 April 2018, Playa Blanca, Lanzarote, Canary Islands, Spain},
    pages={1924--1932},
    year={2018}
}

@article{mft:linear,
    title={Exact solutions to the nonlinear dynamics of
learning in deep linear neural networks},
    author={Andrew M. Saxe and James L. McClelland and Surya Ganguli},
    journal={International Conference on Learning Representations (ICLR)},
    year={2013}
}

@article{mft:cnn,
    title={Dynamical Isometry and a Mean Field Theory of CNNs: How to Train 10,000-Layer Vanilla Convolutional Neural Networks},
    author={Lechao Xiao and Yasaman Bahri and Jascha Sohl-Dickstein and Samuel S. Schoenholz and Jeffrey Pennington},
    journal={Proceedings of the 35th International Conference on Machine Learning},
    year={2018}
}

@article{mft:rnn,
    title={Dynamical Isometry and a Mean Field Theory of RNNs: Gating Enables Signal Propagation in Recurrent Neural Networks},
    author={Minmin Chen and Jeffrey Pennington and Samuel S. Schoenholz},
    journal={Proceedings of the 35th International Conference on Machine Learning},
    volume={80},
    pages={873--882},
    year={2018}
}

@article{he,
    title={Delving Deep into Rectifiers: Surpassing Human-Level Performance on ImageNet Classification},
    author={Kaiming He and Xiangyu Zhang and Shaoqing Ren and Jian Sun},
    journal={IEEE International Conference on Computer Vision},
    year={2015}
}

@article{universal,
    title={Approximations by superpositions of sigmoidal function},
    author={George Cybenko},
    journal={Mathematics of Control, Signals, and Systems},
    volume=2,
    number=4,
    pages={303--314},
    year={1989}
}

@article{google_trans,
    title={Google's Neural Machine Translation System: Bridging the Gap},
    author={Yonghui Wu and Mike Schuster and Zhifeng Chen and Quoc V. Le, Mohammad Norouzi and Wolfgang Macherey and Maxim Krikun and Yuan Cao and Qin Gao and Klaus Macherey and Jeff Klingner and Apurva Shah and Melvin Johnson and Xiaobing Liu and Lukasz Kaiser and Stephan Gouws and Yoshikiyo Kato and Taku Kudo and Hideto Kazawa and Keith Stevens and George Kurian and Nishant Patil and Wei Wang and Cliff Young and Jason Smith and Jason Riesa and Alex Rudnick and Oriol Vinyals and Greg Corrado and Macduff Hughes and Jeffrey Dean},
    journal={arXiv:1609.08144},
    year={2016}
}

@article{speech,
    author = {Hinton, Geoffrey and Dahl, George and Mohamed, Abdel-rahman and Jaitly, Navdeep and Senior, Andrew and Vanhoucke, Vincent and Kingsbury, Brian and Sainath, Tara},
    title = {Deep Neural Networks for Acoustic Modeling in Speech Recognition},
    year = {2012},
    pages = {82-97},
    journal = {IEEE Signal Processing Magazine},
    volume = {29},
}

@article{medical,
    author={Nima Tajbakhsh and Jae Y. Shin
    and Suryakanth R. Gurudu and R. Todd Hurst and Christopher B. Kendall and Michael B. Gotway and Jianming Liang}, 
    journal={IEEE Transactions on Medical Imaging}, 
    title={Convolutional Neural Networks for Medical Image Analysis: Full Training or Fine Tuning?}, 
    year={2016}, 
    volume={35}, 
    number={5}, 
    pages={1299-1312}, 
    doi={10.1109/TMI.2016.2535302}, 
    ISSN={0278-0062}, 
}

@article{mft:info,
    title={Deep Information Propagation},
    author={Samuel S. Schoenholz and Justin Gilmer and Surya Ganguli and Jascha Sohl-Dickstein},
    journal={International Conference on Learning Representations (ICLR)},
    year={2017},
}

@article{mft:expo,
    title={Exponential expressivity in deep neural networks through transient chaos},
    author={Ben Poole and Subhaneil Lahiri and Maithra Raghu and Jascha Sohl-Dickstein and Surya Ganguli},
    journal={Neural Information Processing Systems},
    year={2016},
}

@book{matrix,
  title={The theory of matrices},
  author={Gantmacher, F.R.},
  number={1},
  series={The Theory of Matrices},
  year={1960},
  publisher={Chelsea Pub. Co.}
}

@article{evop,
  title={Which Neural Net Architectures Give Rise to Exploding and Vanishing Gradients?},
  Author = {Boris Hanin},
  Year = {2018},
  journal={Neural Information Processing Systems},
}

@article{opt_prob,
    Author = {Ian J. Goodfellow and Oriol Vinyals and Andrew M. Saxe},
    Title = {Qualitatively characterizing neural network optimization problems},
    Year = {2014},
    journal={ICLR 2015}
}

@article{saddle,
    Author = {Yann Dauphin and Razvan Pascanu and Caglar Gulcehre and Kyunghyun Cho and Surya Ganguli and Yoshua Bengio},
    Title = {Identifying and attacking the saddle point problem in high-dimensional non-convex optimization},
    Year = {2014},
    journal={Advances in Neural Information Processing Systems 27},
    pages={2933--2941},
    publisher={Curran Associates, Inc.}
}

@article{degrade1,
    title={Convolutional neural networks at constrained time cost},
    author={Kaiming He and Jian Sun},
    journal={CVPR},
    year={2015}
}

@article{degrade2,
    title={Highway Networks},
    author={Rupesh Kumar Srivastava and Klaus Greff  and Jurgen Schmidhuber},
    journal={ICML 2015 Deep Learning workshop},
    year={2015}
}

@article{whiten1,
     author = {LeCun, Yann and Bottou, L{\'e}on and Orr, Genevieve B. and M\"{u}ller, Klaus-Robert},
     title = {Efficient BackProp},
     journal = {Neural Networks: Tricks of the Trade, This Book is an Outgrowth of a 1996 NIPS Workshop},
     year = {1998},
     isbn = {3-540-65311-2},
     pages = {9--50},
     publisher = {Springer-Verlag},
     address = {London, UK, UK},
}

@article{whiten2,
    title={A Convergence Analysis of Log-Linear Training},
    author = {Simon Wiesler and Hermann Ney},
    journal = {Advances in Neural Information Processing Systems 24},
    pages = {657--665},
    year = {2011},
    publisher = {Curran Associates, Inc.},
}

@article{mnist,
    author={Yann Lecun and Bottou, L{\'e}on and Yoshua Bengio and Patrick Haffner}, 
    journal={Proceedings of the IEEE}, 
    title={Gradient-based learning applied to document recognition}, 
    year={1998}, 
    volume={86}, 
    number={11}, 
    pages={2278-2324},
}

@article{mxnet,
  author    = {Tianqi Chen and
               Mu Li and
               Yutian Li and
               Min Lin and
               Naiyan Wang and
               Minjie Wang and
               Tianjun Xiao and
               Bing Xu and
               Chiyuan Zhang and
               Zheng Zhang},
  title     = {MXNet: A Flexible and Efficient Machine Learning Library for Heterogeneous
               Distributed Systems},
  journal   = {CoRR},
  volume    = {abs/1512.01274},
  year      = {2015},
}
